<?xml version="1.0" encoding="UTF-8"?><record xmlns="http://www.loc.gov/MARC21/slim" xmlns:cinclude="http://apache.org/cocoon/include/1.0" xmlns:zs="http://www.loc.gov/zing/srw/">
  <leader>00553cz  a2200145n  4500</leader>
  <controlfield tag="001">n  77011646 </controlfield>
  <controlfield tag="003">DLC</controlfield>
  <controlfield tag="005">19911209145346.1</controlfield>
  <controlfield tag="008">771025n| acannaab|          |a aaa |||  </controlfield>
  <datafield tag="010" ind1=" " ind2=" ">
    <subfield code="a">n  77011646 </subfield>
  </datafield>
  <datafield tag="040" ind1=" " ind2=" ">
    <subfield code="a">DLC</subfield>
    <subfield code="c">DLC</subfield>
    <subfield code="d">DLC</subfield>
  </datafield>
  <datafield tag="100" ind1="1" ind2="0">
    <subfield code="a">Barnhorst, Richard</subfield>
  </datafield>
  <datafield tag="400" ind1="1" ind2="0">
    <subfield code="a">Barnhorst, Dick</subfield>
  </datafield>
  <datafield tag="670" ind1=" " ind2=" ">
    <subfield code="a">Clarke, K. L. Criminal law ... c1977 (a.e.)</subfield>
    <subfield code="b">t.p. (Richard Barnhorst)</subfield>
  </datafield>
  <datafield tag="670" ind1=" " ind2=" ">
    <subfield code="a">Children, families, and the public policy in the 90s, c1991:</subfield>
    <subfield code="b">t.p. (Dick Barnhorst; Child, Youth, and Family Policy Res. Centre, Toronto) Can. CIP (Barnhorst, Richard, 1947- )</subfield>
  </datafield>
</record>